@misc{malwarebytes,
	title = {Maktub {Locker} - {Beautiful} {And} {Dangerous}},
	url = {https://blog.malwarebytes.com/threat-analysis/2016/03/maktub-locker-beautiful-and-dangerous/},
	abstract = {We take apart the Maktub Locker, one of the latest ransomware.},
	language = {en-US},
	urldate = {2019-03-10TZ},
	journal = {Malwarebytes Labs},
	month = mar,
	year = {2016}
}

@misc{onionlink,
	title = {{OnionLink}: {Security}},
	url = {https://onion.link/security.html},
	urldate = {2019-03-11TZ}
}

@misc{hybrid,
	title = {Kostenloser automatisierter {Malware}-{Analyseservice} – mit der {Kraft} der {Falcon} {Sandbox} - {Online}-{Dateianalyse}-{Ergebnisse} ansehen für: '0210a8f8e729d1b81bf81e39874af98c379f92fcdf802d6d925eb9e65186dfd3'},
	url = {https://www.hybrid-analysis.com/sample/0210a8f8e729d1b81bf81e39874af98c379f92fcdf802d6d925eb9e65186dfd3/?environmentId=100\&lang=de},
	abstract = {Submit malware for free analysis with Falcon Sandbox and Hybrid Analysis technology. Hybrid Analysis develops and licenses analysis tools to fight malware.},
	urldate = {2019-03-11TZ}
}

@misc{cryptostorm,
	title = {cryptostorm},
	url = {https://cryptostorm.is/},
	abstract = {cryptostorm private network},
	urldate = {2019-03-11TZ}
}

@misc{tls,
	title = {Port striping v2 {\textbar} cryptostorm blog},
	url = {https://cryptostorm.is/blog/port-striping-v2},
	abstract = {TLDR: Our ECC instances now work on other ports too, not just 5060. The configs here  and on GitHub have been updated so that they now default to port 443, same as RSA. A new Windows widget version 3.33 was just released that no longer has po...},
	urldate = {2019-03-12TZ}
}

@misc{dnssec,
	title = {How {DNSSEC} {Works}},
	url = {https://www.cloudflare.com/dns/dnssec/how-dnssec-works/},
	abstract = {DNSSEC helps The domain name system (DNS) which the phone book of the Internet to be secure, Find out how it works here.},
	language = {en},
	urldate = {2019-03-12TZ},
	journal = {Cloudflare}
}
